@article{gebru,
  author    = {Timnit Gebru and
               Jamie Morgenstern and
               Briana Vecchione and
               Jennifer Wortman Vaughan and
               Hanna M. Wallach and
               Hal Daum{\'{e}} III and
               Kate Crawford},
  title     = {Datasheets for datasets},
  journal   = {Commun. {ACM}},
  volume    = {64},
  number    = {12},
  pages     = {86--92},
  year      = {2021},
  url       = {https://doi.org/10.1145/3458723},
  doi       = {10.1145/3458723}
}

@incollection{pushkarna,
  author    = {Mahima Pushkarna and
               Andrew Zaldivar and
               Oddur Kjartansson},
  title     = {Data Cards: Purposeful and Transparent Documentation for Responsible {AI}},
  year      = {2022},
  booktitle = {{ACM} Conference on Fairness, Accountability, and Transparency ({FAccT})},  
  address ={Seoul, South Korea}
}

@article{Paullada,
  author    = {Amandalynne Paullada and
               Inioluwa Deborah Raji and
               Emily M. Bender and
               Emily Denton and
               Alex Hanna},
  title     = {Data and its (dis)contents: {A} survey of dataset development and
               use in machine learning research},
  journal   = {Patterns},
  volume    = {2},
  number    = {11},
  pages     = {100336},
  year      = {2021},
  url       = {https://doi.org/10.1016/j.patter.2021.100336},
  doi       = {10.1016/j.patter.2021.100336}
}

